@Article{halekoh:hojsgaard:14,
    title = {A Kenward-Roger Approximation and Parametric Bootstrap Methods for Tests in Linear Mixed Models -- The {R} Package {pbkrtest}},
    author = {Ulrich Halekoh and S{\o}ren H{\o}jsgaard},
    journal = {Journal of Statistical Software},
    year = {2014},
    volume = {59},
    number = {9},
    pages = {1--30},
    url = {http://www.jstatsoft.org/v59/i09/},
  }




@Article{kenward:roger:97,
  author = 	 {Michael G. Kenward and James H. Roger},
  title = 	 {Small Sample Inference for Fixed Effects from Restricted Maximum Likelihood},
  journal = 	 {Biometrics},
  year = 	 {1997},
  volume = 	 {53},
  number = 	 {3},
  pages = 	 {983-997}
}

@Manual{R:19,
    title = {R: A Language and Environment for Statistical Computing},
    author = {{R Core Team}},
    organization = {R Foundation for Statistical Computing},
    address = {Vienna, Austria},
    year = {2019},
    url = {https://www.R-project.org/},
  }

  @Article{lme4:15,
    title = {Fitting Linear Mixed-Effects Models Using {lme4}},
    author = {Douglas Bates and Martin M{\"a}chler and Ben Bolker and Steve Walker},
    journal = {Journal of Statistical Software},
    year = {2015},
    volume = {67},
    number = {1},
    pages = {1--48},
    doi = {10.18637/jss.v067.i01},
  }
