

@Article{jensen:93,
  author = 	 {Jens Ledet Jensen},
  title = 	 {A Historical Sketch and Some New Results on the Improved Log Likelihood Ratio Statistic},
  journal = 	 {Scandinavian Journal of Statistics},
  year = 	 {1993},
  OPTkey = 	 {},
  volume = 	 {20},
  number = 	 {1},
  pages = 	 {1-15},
  OPTmonth = 	 {},
  OPTnote = 	 {},
  OPTannote = 	 {}
}

@Book{cox:06,
  author = 	 {D. R. Cox},
  ALTeditor = 	 {},
  title = 	 {Principles of Statistical Inference},
  publisher = 	 {Cambridge},
  year = 	 {2006},
  OPTkey = 	 {},
  OPTvolume = 	 {},
  OPTnumber = 	 {},
  OPTseries = 	 {},
  OPTaddress = 	 {},
  OPTedition = 	 {},
  OPTmonth = 	 {},
  OPTnote = 	 {},
  OPTannote = 	 {}
}

@ARTICLE{besag:clifford:91,
  author = {Julian Besag and Peter Clifford},
  title = {Sequential Monte Carlo $p$--values},
  journal = {Biometrika},
  year = {1991},
  volume = {78},
  pages = {301-304},
  number = {2},
  owner = {SHD}
}





@Article{jensen:mantysaari:madsen:thompson:96,
  author = 	 {Just Jensen and Esa A. Mantysaari and Per Madsen and Robin Thompson},
  title = 	 {Residual Maximum Likelihood Estimation of (Co)Variance Components in Multivariate Mixed Linear Models using Average Information},
  journal = 	 {Jour. Ind. Soc. Ag. Statistics},
  year = 	 {1996},
  OPTkey = 	 {},
  volume = 	 {49},
  OPTnumber = 	 {},
  pages = 	 {215-236},
  OPTmonth = 	 {},
  OPTnote = 	 {},
  OPTannote = 	 {}
}

@Article{gilmour:thompson:cullis:95,
  author = 	 {A. R. Gilmour and R. Thompson and B. R. Cullis},
  title = 	 {An efficient algorithm for {REML} estimation in linear mixed models},
  journal = 	 {Biometrics},
  year = 	 {1995},
  OPTkey = 	 {},
  volume = 	 {51},
  OPTnumber = 	 {},
  pages = 	 {1440-1450},
  OPTmonth = 	 {},
  OPTnote = 	 {},
  OPTannote = 	 {}
}

@Book{casella:berger:02,
  author = 	 {George Casella and Roger L. Berger},
  OptALTeditor = 	 {},
  title = 	 {Statistical Inference},
  publisher = 	 {Duxbury},
  year = 	 {2002},
  OPTkey = 	 {},
  OPTvolume = 	 {},
  OPTnumber = 	 {},
  OPTseries = 	 {},
  OPTaddress = 	 {},
  edition = 	 {2},
  OPTmonth = 	 {},
  OPTnote = 	 {},
  OPTannote = 	 {}
}



@manual{SASUs:2008,
title={SAS/STAT 9.2 User's Guide},
year={2008},
organization={SAS Institute Inc.},
address={Cary, NC},
url={http://support.sas.com/documentation/cdl/en/statugmixed/61807/PDF/default/statugmixed.pdf},
key={SAS}	
}


@book{cochranWG:1957,
   author = {Cochran, William G. and Cox, Gertrude M.},
   title= {Experimental Design},
   publisher = {Chapman and Hall},
   edition={2nd},
   location={London},
   year ={1957}
 }  


@book{coxDR:1974,
   author = {Cox, David R.  and Hinkley, David V.},
   title= {Theoretical Statistics},
   publisher = {Chapman and Hall},
   location={London},
   year ={1974}
 }  

 @book{davisonAC:1997,
   author = {Harville, David A. and Hinkley, D. V.},
   title= {Bootstrap methods and their applications},
   publisher = {Cambridge University Press},
   location={Cambridge},
   year ={1997}
 }  

 @book{harvilleD:1997,
   author = {Harville, David A.},
   title= {Matrix Algebra from a Statistician's Perspective},
   publisher = {Springer},
   location={Heidelberg},
   year ={1997}
 }  


@Manual{lme4,
    title = {lme4: Linear mixed-effects models using S4 classes},
    author = {Douglas Bates and Martin Maechler and Ben Bolker},
    year = {2011},
    note = {R package version 0.999375-42},
    url = {http://CRAN.R-project.org/package=lme4},
  }


@article{causeurD:1998,
author      ={Causeur, David J. and Dhorne, Thierry J.},
title       ={Finite Sample Properties of a Multivariate Extension of Double 
                                    Regression},
year        ={1998},
journal={Biometrics},
volume={54},
number={4},
pages={1591--1601}                     
}

@article{silvermanBW:1987,
author      ={Silverman, B. W. and  Young, G. A.},
title       ={The bootstrap: To smooth or not to smooth?},
year        ={1987},
journal={Biometrika},
volume={74},
number={3},
pages={469--479}                     
}



@article{kenwardrogerM:1997,
author      ={Kenward,  Michael G. and Roger, James H.},
title       ={Small Sample Inference for Fixed Effects from Restricted Maximum Likelihood},
year        ={1997},
journal={Biometrics},
volume={53},
number={3},
pages={983--997}                     
}


@article{kenwardrogerM:2009,
author      ={Kenward,  Michael G. and Roger, James H.},
title       ={An improved approximation to the precision of fixed effects from
restricted maximum likelihood},
year        ={2009},
journal={Computational Statistics and Data Analysis},
volume={53},
pages={2583--2595}                     
}


@article{spilkeJ:2005,
author      ={Spilke, Joachim  and Piepho, Hans-Peter and Hu, Xiyuan},
title       ={A Simulation Study on Tests of Hypotheses
and Confidence Intervals for Fixed Effects in
Mixed Models for Blocked Experiments With
Missing Data},
year        ={2005},
journal={Journal of Agricultural, Biological, and Environmental Statistics},
volume={10},
number={3},
pages={374--389}                     
}


@article{LairdN:1989,
author      ={Laird, N.M. and Ware, J.H.},
title       ={Random-Effects Models for Longitudinal Data},
year        ={1982},
journal={Biometrics},
volume={38},
pages={963--974}                     
}



@techreport{batesD:2011,
author      ={Bates, Douglas},
title       ={Linear mixed model implementation in lme4},
year        ={2011},
institution= {University of Wisconsin - Madison},
type ={Vignette called lme4::implementation of the lme4 package of {R}}
}


@techreport{alnosW:2007,
author      ={Alnosaier, Waseem S.},
title       ={Kenward-Roger Approximate F Test for Fixed Effects in Mixed Linear Models
},
year        ={2007},
institution= {Oregon State University},
url= {http://ir.library.oregonstate.edu/xmlui/bitstream/handle/1957/5262/mydissertation.pdf?sequence=1},
type ={PhD dissertation},
note ={pages 132}
}

@article{kackarR:1984,
author={Kackar, R. N. and Harville, D. A.},
title= {Approximations for standard errors of estimators of fixed and random effects in mixed linear models},
year= {1984},
journal= {Journal of the  American Statistical Association},
volume ={79},
pages ={853-862}
}





@BOOK{christensenR:1999,
  title = {Plane Answers to Complex Questions},
  publisher = {Springer 2nd},
  year = {1999},
  author = {Christensen, Ronald},
  address ={New York},
  isbn = {0-387-94767-1}
}

@incollection{bockenholtU:1993,
author      ={B\"o{}ckenholt, Ulf},
title       ={Applications of {T}hurstonian models to ranking data},
editor   ={Fligner, M. A. and  Verducci, J. S.},
year     ={1993},
booktitle={{P}robability {M}odels And {S}tatistical {A}nalysis For {R}anking {D}ata},
address   ={Heidelberg},
publisher= {Springer},
chapter ={4},
pages={157--172},
}

@techreport{chibS:1998,
author      ={Chib, Siddhartha and Greenberg, Edward and Chen, Yuxin},
title       ={MCMC Methods for Fitting and Comparing 
              Multinomial Response Models},
year        ={1998},
institution= {Economics Working Paper Archive at WUSTL},
url= {http://econwpa.wustl.edu:8089/eps/em/papers/9802/9802001.pdf}
}

@misc{Coda:2004,
author =  {Plummer, Martyn and   Best, Nicky and  Cowles, Kate and
           Vines, Karen},
title =  {coda: Output analysis and diagnostics for {MCMC}},
year   =  {2004},
note   =  {version 0.8-3},
url    =  {http://www-fis.iarc.fr/coda/} 
}

@inproceedings{mcfaddenD:1973,
author      ={McFadden, Daniel},
title       ={
Conditional logit analysis of qualitative choice behavior},
year        ={1973},
booktitle={Frontiers in Econometrics},
editor={Zarembka, P.},
publisher={Academic Press},
address={New York},
pages={105--142}
}

@Manual{Rlanguage:2004,
       title        = {R: A language and environment for statistical
                       computing},
       author       = {{R Development Core Team}},
       organization = {R Foundation for Statistical Computing},
       address      = {Vienna, Austria},
       year         = 2004,
       note         = {3-900051-07-0},
       url          = {http://www.R-project.org}
     }


