@inproceedings{Sweave,
  author = {Friedrich Leisch},
  title = {Sweave: Dynamic Generation of Statistical Reports Using
		  Literate Data Analysis},
  booktitle = {Compstat 2002 --- Proceedings in Computational
		  Statistics},
  pages = {575--580},
  year = 2002,
  editor = {Wolfgang H{\"a}rdle and Bernd R{\"o}nz},
  publisher = {Physica Verlag, Heidelberg},
  note = {ISBN 3-7908-1517-9}
}

@Manual{odfWeave,
    title = {odfWeave: Sweave processing of Open Document Format (ODF) files},
    author = {Max Kuhn}, 
    year = {2011},
    note = {R package version 0.7.17}
  }

@Article{R2HTML,
    title = {The {R2HTML} Package},
    author = {Eric Lecoutre},
    journal = {R News},
    year = {2003},
    volume = {3},
    number = {3},
    pages = {33--36},
    month = {December}
  }
